%@INBOOK{brooks2001-silver,
%	TITLE="The Mythical Man-Month",
%	CHAPTER="No Silver Bullet - Essence and Accident in Software Engineering",
%	AUTHOR="F. P. Brooks",
%	PAGES="177--203",
%	YEAR=2001,
%	PUBLISHER="Addison Wesley Longman Inc.",
%	ADDRESS="New York",
%	EDITION="15., Aufl."
%}
%
%@BOOK{mueller2000,
%	AUTHOR="J.-A. Müller",
%	TITLE="Systems Engineering",
%	PUBLISHER="Manz-Verlag Schulbuch (Fortis)",
%	YEAR=2000,
%	ADDRESS="Wien"
%}
%
%@TECHREPORT{pasche1992,
%	AUTHOR="M. Pasche",
%	TITLE="Synergetik und Evolutorische Ökonomik",
%	INSTITUTION="Universität Hannover Fachbereich Wirtschaftswissenschaften",
%	TYPE="Diskussionspapier",
%	NUMBER=179,
%	MONTH=dec,
%	YEAR=1992
%}

%@MISC{ios-9-ats,
%		HOWPUBLISHED ="\href{https://developer.apple.com/library/archive/releasenotes/General/WhatsNewIniOS/Articles/iOS9.html}{https://developer.apple.com}",
%	AUTHOR = "Apple",
%	TITLE = "What's new in iOS 9",
%	MONTH = "June",
%	YEAR = "2017",
%	NOTE = "Accessed on 2018-11-14"
%}








